@book{Chen2025,
  author    = {Evan Chen},
  title     = {Napkin Project},
  year      = {2025},
  publisher = {Self-Published},
  month     = {May}
}

@book{Eisenbud2004,
  author    = {David Eisenbud},
  title     = {Commutative Algebra: With A View Towards Algebraic Geometry},
  year      = {2004},
  publisher = {Springer}
}


@book{Stacks,
  author    = {J. De Jong},
  title     = {Stacks Project},
  year      = {2025},
  publisher = {Columbia University}
}

@book{Jech2006,
  author    = {Thomas Jech},
  title     = {Set Theory},
  year      = {2006},
  publisher = {Springer-Verlag Berlin Heidelberg New York},
  edition   = {4th}
}

@book{Steen1995,
  author    = {Lynn Arthur Steen and J. Arthur Seebach, Jr.},
  title     = {Counterexamples in Topology},
  year      = {1995},
  publisher = {Dover},
  edition   = {Paperback}
}