@BOOK{Chen2025,
	author = {Evan Chen},
	title = {Napkin Project},
	year = {2025},
	publisher = {Self-Published},
	month = {May},
}

@BOOK{Eisenbud2004,
	author = {David Eisenbud},
	title = {Commutative Algebra: With A View Towards Algebraic Geometry},
	year = {2004},
	publisher = {Springer},
}